@manual{definicao-de-persona,
	Author = {André Siqueira},
	Date-Added = {2017-10-22 18:32:00 +0000},
	Date-Modified = {2017-10-22 18:32:00 +0000},
	Organization = {Blog de Marketing Digital de Resultados},
	Title = {Persona: como e por que criar uma para sua empresa},
	Url = {https://resultadosdigitais.com.br/blog/persona-o-que-e/},
	Urlaccessdate = {22 out 2017},
	Year = {2017}}

@manual{por-que-automatizar-o-condominio,
	Author = {Rosali Figueiredo},
	Date-Added = {2017-11-05 10:04:00 +0000},
	Date-Modified = {2017-11-05 10:04:00 +0000},
	Organization = {Direcional Condomínios},
	Title = {Por que automatizar o condomínio?},
	Url = {http://www.direcionalcondominios.com.br/sindicos/materias/item/1203-por-que-automatizar-o-condominio.html},
	Urlaccessdate = {05 nov 2017},
	Year = {2017}}

@manual{sistema-de-automacao-residencial-e-tendencia-no-mercado,
	Date-Added = {2017-11-05 10:04:00 +0000},
	Date-Modified = {2017-11-05 10:04:00 +0000},
	Organization = {SP Imóvel},
	Title = {Sistema de Automação Residencial é tendência no mercado},
	Url = {https://spimovel.com.br/noticia/sistema-de-automacao-residencial-e-tendencia-no-mercado/2450/},
	Urlaccessdate = {05 nov 2017},
	Year = {2017}}
